@ARTICLE{spj:stgm,
	AUTHOR = {Peyton Jones, Simon},
	TITLE = {Implementing Lazy Functional Languages on Stock Hardware: The Spineless Tagless G-Machine},
	YEAR = {1992},
	PAGES = {127-202},
	VOLUME = {2},
	JOURNAL = {Journal of Functional Programming}	}

@INPROCEEDINGS{plasmeijer:clean,
	AUTHOR="Brus, T. H. and van Eekelen, M. C. J. D. and van Leer, M. O. and Plasmeijer, M. J.",
	TITLE="Clean -- A language for functional graph rewriting",
	BOOKTITLE="Functional Programming Languages and Computer Architecture",
	YEAR="1987",
	PUBLISHER="Springer Berlin Heidelberg",
	ADDRESS="Berlin, Heidelberg",
	PAGES="364--384",
}

@BOOK{mccarthy:lisp1,
	AUTHOR = "J. McCarthy and R. Brayton and D. Edwards and P. Fox and L. Hodes and D. Luckham and K. Maling and D. Park and S. Russell",
	TITLE = "Lisp I Programmer's Manual",
  	INSTITUTION = "Computation Center and Research Laboratory of Electronics, Massachusetts Institute of Technology",
	ADDRESS = "Cambridge, Massachusetts",
	DAY = "1", 
	MONTH = "March", 
	YEAR = "1960"	}

@INPROCEEDINGS{landin:secd,
	AUTHOR = "P.J. Landin",
	TITLE = "The mechanical evaluation of expressions",
	BOOKTITLE = "The Computer Journal",
	VOLUME = "6",
	ISSUE = "4",
	MONTH = "January",
	PAGES = "308-320",
	YEAR = "1964"	}

@ARTICLE{turner:applicative,
	AUTHOR = {D.A. Turner},
	TITLE = {A new implementation technique for applicative languages},
	JOURNAL = {Software: Practice and Experience},
	VOLUME = {9},
	NUMBER = {1},
	PAGES = {31-49},
	YEAR = {1979}	}

@TECHREPORT{turner:sasl,
	AUTHOR = {D.A. Turner},
	TITLE = {An Implementation of SASL},
	INSTITUTION = {Department of Computer Science, Colorado State University},
	NUMBER = {TR/75/4},
	YEAR = {1975}	}

@ARTICLE{turner:miranda,
	AUTHOR = {D.A. Turner},
	TITLE = {An Overview of Miranda},
	JOURNAL = {SIGPLAN Notices},
	VOLUME = {21},
	NUMBER = {12},
	PAGES = {158-166},
	MONTH = {December},
	YEAR = {1986}	}

@InProceedings{fairbairn:tim,
	AUTHOR="Fairbairn, Jon and Wray, Stuart",
	TITLE="Tim: A simple, lazy abstract machine to execute supercombinators",
	BOOKTITLE="Functional Programming Languages and Computer Architecture",
	YEAR="1987",
	PUBLISHER="Springer Berlin Heidelberg",
	ADDRESS="Berlin, Heidelberg",
	PAGES="34--45" }

